@article{Tseitin1970,
  author = {Tseitin, G.},
  title = {On the complexity of derivation in propositional calculus},
  journal = {Automation of Reasoning: 2: Classical Papers on Computational Logic 1967-1970},
  year = {1970},
  pages = {466-483},
  publisher = {Springer-Verlag Berlin Heidelberg},
  doi = {10.1007/978-3-642-86659-3_37},
  isbn = {978-3-642-86659-3}
}